%% This BibTeX bibliography file was created using BibDesk.
%% https://bibdesk.sourceforge.io/

%% Created for Sam Martin Vargas Giagnocavo at 2022-06-04 23:22:34 +0200 


%% Saved with string encoding Unicode (UTF-8) 



@article{thompson1994clustal,
	author = {Thompson, Julie D and Higgins, Desmond G and Gibson, Toby J},
	date-added = {2022-06-04 23:15:01 +0200},
	date-modified = {2022-06-04 23:15:01 +0200},
	journal = {Nucleic acids research},
	number = {22},
	pages = {4673--4680},
	publisher = {Oxford university press},
	title = {CLUSTAL W: improving the sensitivity of progressive multiple sequence alignment through sequence weighting, position-specific gap penalties and weight matrix choice},
	volume = {22},
	year = {1994},
	bdsk-file-1 = {YnBsaXN0MDDSAQIDBFxyZWxhdGl2ZVBhdGhZYWxpYXNEYXRhXxBULi4vLi4vRG9jdW1lbnRzL1VuaXZlcnNpdHkvUHJvamVjdCBpbiBCaW9pbmZvcm1hdGljcy9Db2RlL3Jlc291cmNlcy90aG9tcHNvbjE5OTQucGRmTxEBtgAAAAABtgACAAAMTWFjaW50b3NoIEhEAAAAAAAAAAAAAAAAAAAAAAAAAEJEAAH/////EHRob21wc29uMTk5NC5wZGYAAAAAAAAAAAAAAAAAAAAAAAAAAAAAAAAAAAAAAAAAAAAAAAAAAAAAAAAAAAAAAP////8AAAAAAAAAAAAAAAAAAgAGAAAKIGN1AAAAAAAAAAAAAAAAAAlyZXNvdXJjZXMAAAIAWy86VXNlcnM6c212ZzpEb2N1bWVudHM6VW5pdmVyc2l0eTpQcm9qZWN0IGluIEJpb2luZm9ybWF0aWNzOkNvZGU6cmVzb3VyY2VzOnRob21wc29uMTk5NC5wZGYAAA4AIgAQAHQAaABvAG0AcABzAG8AbgAxADkAOQA0AC4AcABkAGYADwAaAAwATQBhAGMAaQBuAHQAbwBzAGgAIABIAEQAEgBZVXNlcnMvc212Zy9Eb2N1bWVudHMvVW5pdmVyc2l0eS9Qcm9qZWN0IGluIEJpb2luZm9ybWF0aWNzL0NvZGUvcmVzb3VyY2VzL3Rob21wc29uMTk5NC5wZGYAABMAAS8AABUAAgAL//8AAAAIAA0AGgAkAHsAAAAAAAACAQAAAAAAAAAFAAAAAAAAAAAAAAAAAAACNQ==}}

@book{cormen2022introduction,
	author = {Cormen, Thomas H and Leiserson, Charles E and Rivest, Ronald L and Stein, Clifford},
	date-added = {2022-06-04 23:14:34 +0200},
	date-modified = {2022-06-04 23:14:34 +0200},
	publisher = {MIT press},
	title = {Introduction to algorithms},
	year = {2022},
	bdsk-file-1 = {YnBsaXN0MDDSAQIDBFxyZWxhdGl2ZVBhdGhZYWxpYXNEYXRhXxCZLi4vLi4vRG9jdW1lbnRzL1VuaXZlcnNpdHkvUHJvamVjdCBpbiBCaW9pbmZvcm1hdGljcy9Db2RlL3Jlc291cmNlcy9UaG9tYXMgSC4gQ29ybWVuLCBDaGFybGVzIEUuIExlaXNlcnNvbiwgZXQgYWwuLCBJbnRyb2R1Y3Rpb24gdG8gQWxnb3JpdGhtcyAoMjAwOSkucGRmTxECyAAAAAACyAACAAAMTWFjaW50b3NoIEhEAAAAAAAAAAAAAAAAAAAAAAAAAEJEAAH/////H1Rob21hcyBILiBDb3JtZW4sICNGRkZGRkZGRi5wZGYAAAAAAAAAAAAAAAAAAAAAAAAAAAAAAAAAAAAAAAAAAP////8AAAAAAAAAAAAAAAAAAgAGAAAKIGN1AAAAAAAAAAAAAAAAAAlyZXNvdXJjZXMAAAIAoC86VXNlcnM6c212ZzpEb2N1bWVudHM6VW5pdmVyc2l0eTpQcm9qZWN0IGluIEJpb2luZm9ybWF0aWNzOkNvZGU6cmVzb3VyY2VzOlRob21hcyBILiBDb3JtZW4sIENoYXJsZXMgRS4gTGVpc2Vyc29uLCBldCBhbC4sIEludHJvZHVjdGlvbiB0byBBbGdvcml0aG1zICgyMDA5KS5wZGYADgCsAFUAVABoAG8AbQBhAHMAIABIAC4AIABDAG8AcgBtAGUAbgAsACAAQwBoAGEAcgBsAGUAcwAgAEUALgAgAEwAZQBpAHMAZQByAHMAbwBuACwAIABlAHQAIABhAGwALgAsACAASQBuAHQAcgBvAGQAdQBjAHQAaQBvAG4AIAB0AG8AIABBAGwAZwBvAHIAaQB0AGgAbQBzACAAKAAyADAAMAA5ACkALgBwAGQAZgAPABoADABNAGEAYwBpAG4AdABvAHMAaAAgAEgARAASAJ5Vc2Vycy9zbXZnL0RvY3VtZW50cy9Vbml2ZXJzaXR5L1Byb2plY3QgaW4gQmlvaW5mb3JtYXRpY3MvQ29kZS9yZXNvdXJjZXMvVGhvbWFzIEguIENvcm1lbiwgQ2hhcmxlcyBFLiBMZWlzZXJzb24sIGV0IGFsLiwgSW50cm9kdWN0aW9uIHRvIEFsZ29yaXRobXMgKDIwMDkpLnBkZgATAAEvAAAVAAIAC///AAAACAANABoAJADAAAAAAAAAAgEAAAAAAAAABQAAAAAAAAAAAAAAAAAAA4w=}}

@book{ohlebusch2013bioinformatics,
	author = {Enno Ohlebusch},
	date-added = {2022-06-04 23:11:18 +0200},
	date-modified = {2022-06-04 23:18:31 +0200},
	publisher = {Oldenbusch Verlag},
	title = {Bioinformatics Algorithms: Sequence Analysis, Genome Rearrangements, and Phylogenetic Reconstruction},
	year = {2013}}

@article{Gusfield_1993,
	author = {Dan Gusfield},
	date-added = {2022-06-04 23:07:44 +0200},
	date-modified = {2022-06-04 23:07:44 +0200},
	doi = {10.1007/bf02460299},
	journal = {Bulletin of Mathematical Biology},
	month = {jan},
	number = {1},
	pages = {141--154},
	publisher = {Springer Science and Business Media {LLC}},
	title = {Efficient methods for multiple sequence alignment with guaranteed error bounds},
	url = {https://doi.org/10.1007%2Fbf02460299},
	volume = {55},
	year = 1993,
	bdsk-file-1 = {YnBsaXN0MDDSAQIDBFxyZWxhdGl2ZVBhdGhZYWxpYXNEYXRhXxBULi4vLi4vRG9jdW1lbnRzL1VuaXZlcnNpdHkvUHJvamVjdCBpbiBCaW9pbmZvcm1hdGljcy9Db2RlL3Jlc291cmNlcy9ndXNmaWVsZDE5OTMucGRmTxEBtgAAAAABtgACAAAMTWFjaW50b3NoIEhEAAAAAAAAAAAAAAAAAAAAAAAAAEJEAAH/////EGd1c2ZpZWxkMTk5My5wZGYAAAAAAAAAAAAAAAAAAAAAAAAAAAAAAAAAAAAAAAAAAAAAAAAAAAAAAAAAAAAAAP////8AAAAAAAAAAAAAAAAAAgAGAAAKIGN1AAAAAAAAAAAAAAAAAAlyZXNvdXJjZXMAAAIAWy86VXNlcnM6c212ZzpEb2N1bWVudHM6VW5pdmVyc2l0eTpQcm9qZWN0IGluIEJpb2luZm9ybWF0aWNzOkNvZGU6cmVzb3VyY2VzOmd1c2ZpZWxkMTk5My5wZGYAAA4AIgAQAGcAdQBzAGYAaQBlAGwAZAAxADkAOQAzAC4AcABkAGYADwAaAAwATQBhAGMAaQBuAHQAbwBzAGgAIABIAEQAEgBZVXNlcnMvc212Zy9Eb2N1bWVudHMvVW5pdmVyc2l0eS9Qcm9qZWN0IGluIEJpb2luZm9ybWF0aWNzL0NvZGUvcmVzb3VyY2VzL2d1c2ZpZWxkMTk5My5wZGYAABMAAS8AABUAAgAL//8AAAAIAA0AGgAkAHsAAAAAAAACAQAAAAAAAAAFAAAAAAAAAAAAAAAAAAACNQ==},
	bdsk-url-1 = {https://doi.org/10.1007%2Fbf02460299}}

@book{Gusfield_1997,
	author = {Dan Gusfield},
	date-added = {2022-06-04 23:07:07 +0200},
	date-modified = {2022-06-04 23:07:07 +0200},
	doi = {10.1017/cbo9780511574931},
	month = {may},
	publisher = {Cambridge University Press},
	title = {Algorithms on Strings, Trees and Sequences},
	url = {https://doi.org/10.1017%2Fcbo9780511574931},
	year = 1997,
	bdsk-url-1 = {https://doi.org/10.1017%2Fcbo9780511574931},
	bdsk-file-1 = {YnBsaXN0MDDSAQIDBFxyZWxhdGl2ZVBhdGhZYWxpYXNEYXRhXxCyLi4vLi4vRG9jdW1lbnRzL1VuaXZlcnNpdHkvUHJvamVjdCBpbiBCaW9pbmZvcm1hdGljcy9Db2RlL3Jlc291cmNlcy9HdXNmaWVsZCBHLCBBbGdvcml0aG1zIG9uIFN0cmluZ3MsIFRyZWVzIGFuZCBTZXF1ZW5jZXMgLSBDb21wdXRlciBTY2llbmNlIGFuZCBDb21wdXRhdGlvbmFsIEJpb2xvZ3kgKDE5OTcpLnBkZk8RAy4AAAAAAy4AAgAADE1hY2ludG9zaCBIRAAAAAAAAAAAAAAAAAAAAAAAAABCRAAB/////x9HdXNmaWVsZCBHLCBBbGdvcmkjRkZGRkZGRkYucGRmAAAAAAAAAAAAAAAAAAAAAAAAAAAAAAAAAAAAAAAAAAD/////AAAAAAAAAAAAAAAAAAIABgAACiBjdQAAAAAAAAAAAAAAAAAJcmVzb3VyY2VzAAACALkvOlVzZXJzOnNtdmc6RG9jdW1lbnRzOlVuaXZlcnNpdHk6UHJvamVjdCBpbiBCaW9pbmZvcm1hdGljczpDb2RlOnJlc291cmNlczpHdXNmaWVsZCBHLCBBbGdvcml0aG1zIG9uIFN0cmluZ3MsIFRyZWVzIGFuZCBTZXF1ZW5jZXMgLSBDb21wdXRlciBTY2llbmNlIGFuZCBDb21wdXRhdGlvbmFsIEJpb2xvZ3kgKDE5OTcpLnBkZgAADgDeAG4ARwB1AHMAZgBpAGUAbABkACAARwAsACAAQQBsAGcAbwByAGkAdABoAG0AcwAgAG8AbgAgAFMAdAByAGkAbgBnAHMALAAgAFQAcgBlAGUAcwAgAGEAbgBkACAAUwBlAHEAdQBlAG4AYwBlAHMAIAAtACAAQwBvAG0AcAB1AHQAZQByACAAUwBjAGkAZQBuAGMAZQAgAGEAbgBkACAAQwBvAG0AcAB1AHQAYQB0AGkAbwBuAGEAbAAgAEIAaQBvAGwAbwBnAHkAIAAoADEAOQA5ADcAKQAuAHAAZABmAA8AGgAMAE0AYQBjAGkAbgB0AG8AcwBoACAASABEABIAt1VzZXJzL3NtdmcvRG9jdW1lbnRzL1VuaXZlcnNpdHkvUHJvamVjdCBpbiBCaW9pbmZvcm1hdGljcy9Db2RlL3Jlc291cmNlcy9HdXNmaWVsZCBHLCBBbGdvcml0aG1zIG9uIFN0cmluZ3MsIFRyZWVzIGFuZCBTZXF1ZW5jZXMgLSBDb21wdXRlciBTY2llbmNlIGFuZCBDb21wdXRhdGlvbmFsIEJpb2xvZ3kgKDE5OTcpLnBkZgAAEwABLwAAFQACAAv//wAAAAgADQAaACQA2QAAAAAAAAIBAAAAAAAAAAUAAAAAAAAAAAAAAAAAAAQL}}

@article{GUPTA_1995,
	author = {Sandeep K. Gupta and John D. Kececioglu and Alejandro A. Sch{\"a}ffer},
	date-added = {2022-06-04 23:06:08 +0200},
	date-modified = {2022-06-04 23:19:13 +0200},
	doi = {10.1089/cmb.1995.2.459},
	journal = {Journal of Computational Biology},
	month = {jan},
	number = {3},
	pages = {459--472},
	publisher = {Mary Ann Liebert Inc},
	title = {Improving the Practical Space and Time Efficiency of the Shortest-Paths Approach to Sum-of-Pairs Multiple Sequence Alignment},
	url = {https://doi.org/10.1089%2Fcmb.1995.2.459},
	volume = {2},
	year = 1995,
	bdsk-file-1 = {YnBsaXN0MDDSAQIDBFxyZWxhdGl2ZVBhdGhZYWxpYXNEYXRhXxBRLi4vLi4vRG9jdW1lbnRzL1VuaXZlcnNpdHkvUHJvamVjdCBpbiBCaW9pbmZvcm1hdGljcy9Db2RlL3Jlc291cmNlcy9ndXB0YTE5OTUucGRmTxEBqAAAAAABqAACAAAMTWFjaW50b3NoIEhEAAAAAAAAAAAAAAAAAAAAAAAAAEJEAAH/////DWd1cHRhMTk5NS5wZGYAAAAAAAAAAAAAAAAAAAAAAAAAAAAAAAAAAAAAAAAAAAAAAAAAAAAAAAAAAAAAAAAAAP////8AAAAAAAAAAAAAAAAAAgAGAAAKIGN1AAAAAAAAAAAAAAAAAAlyZXNvdXJjZXMAAAIAWC86VXNlcnM6c212ZzpEb2N1bWVudHM6VW5pdmVyc2l0eTpQcm9qZWN0IGluIEJpb2luZm9ybWF0aWNzOkNvZGU6cmVzb3VyY2VzOmd1cHRhMTk5NS5wZGYADgAcAA0AZwB1AHAAdABhADEAOQA5ADUALgBwAGQAZgAPABoADABNAGEAYwBpAG4AdABvAHMAaAAgAEgARAASAFZVc2Vycy9zbXZnL0RvY3VtZW50cy9Vbml2ZXJzaXR5L1Byb2plY3QgaW4gQmlvaW5mb3JtYXRpY3MvQ29kZS9yZXNvdXJjZXMvZ3VwdGExOTk1LnBkZgATAAEvAAAVAAIAC///AAAACAANABoAJAB4AAAAAAAAAgEAAAAAAAAABQAAAAAAAAAAAAAAAAAAAiQ=},
	bdsk-url-1 = {https://doi.org/10.1089/cmb.1995.2.459}}
